//Carlos paper summary
@inproceedings{Wang16,
 author = {Wang, Hongjian and Kifer, Daniel and Graif, Corina and Li, Zhenhui},
 title = {Crime Rate Inference with Big Data},
 booktitle = {Proceedings of the 22Nd ACM SIGKDD International Conference on Knowledge Discovery and Data Mining},
 series = {KDD '16},
 year = {2016},
 isbn = {978-1-4503-4232-2},
 location = {San Francisco, California, USA},
 pages = {635--644},
 numpages = {10},
 url = {http://doi.acm.org/10.1145/2939672.2939736},
 doi = {10.1145/2939672.2939736},
 acmid = {2939736},
 publisher = {ACM},
 address = {New York, NY, USA},
 keywords = {big data, crime inference, heterogeneous data, spatial-temporal data},
} 

//Varsha paper summary
@inbook{Traunmueller14,
	Address = {Cham},
	Author = {Traunmueller, Martin and Quattrone, Giovanni and Capra, Licia},
	Booktitle = {Social Informatics: 6th International Conference, SocInfo 2014, Barcelona, Spain, November 11-13, 2014. Proceedings},
	Doi = {10.1007/978-3-319-13734-6_29},
	Editor = {Aiello, Luca Maria and McFarland, Daniel},
	Isbn = {978-3-319-13734-6},
	Pages = {396--411},
	Publisher = {Springer International Publishing},
	Title = {Mining Mobile Phone Data to Investigate Urban Crime Theories at Scale},
	Url = {https://doi.org/10.1007/978-3-319-13734-6_29},
	Year = {2014},
	Url = {https://doi.org/10.1007/978-3-319-13734-6_29},
	Url = {http://dx.doi.org/10.1007/978-3-319-13734-6_29}}

//Valerie paper summary 1
@inproceedings{Bendler14,
  author = {Bendler, Johannes and Brandt, Tobias and Wagner, Sebastian and Neumann, Dirk},
  booktitle = {ECIS},
  crossref = {conf/ecis/2014},
  editor = {Avital, Michel and Leimeister, Jan Marco and Schultze, Ulrike},
  ee = {http://aisel.aisnet.org/ecis2014/proceedings/track11/10},
  interhash = {c524bc2b58e5a80c2f0c8951b3356f78},
  intrahash = {9fc1b32f762592796a70abd2a5e3932e},
  title = {Investigating Crime-to-Twitter Relationships in Urban Environments - Facilitating a Virtual Neighborhood Watch.},
  url = {http://dblp.uni-trier.de/db/conf/ecis/ecis2014.html#BendlerBWFN14},
  year = 2014
}

//Valerie paper summary 2
@article{Chainey,
    author = {Chainey, Spencer and Tompson, Lisa and Uhlig, Sebastian},
    doi = {10.1057/palgrave.sj.8350066},
    journal = {Security Journal},
    keywords = {hotspot, research, spatial},
    month = {Feb},
    number = {1-2},
    pages = {4--28},
    posted-at = {2011-05-29 17:09:22},
    priority = {3},
    title = {{The Utility of Hotspot Mapping for Predicting Spatial Patterns of Crime}},
    url = {http://dx.doi.org/10.1057/palgrave.sj.8350066},
    volume = {21},
    year = {2008}
}

//NYC taxi trip paper 
@article{Ferreira13,
 author = {Ferreira, Nivan and Poco, Jorge and Vo, Huy T. and Freire, Juliana and Silva, Cl\'{a}udio T.},
 title = {Visual Exploration of Big Spatio-Temporal Urban Data: A Study of New York City Taxi Trips},
 journal = {IEEE Transactions on Visualization and Computer Graphics},
 issue_date = {December 2013},
 volume = {19},
 number = {12},
 month = dec,
 year = {2013},
 issn = {1077-2626},
 pages = {2149--2158},
 numpages = {10},
 url = {http://dx.doi.org/10.1109/TVCG.2013.226},
 doi = {10.1109/TVCG.2013.226},
 acmid = {2553720},
 publisher = {IEEE Educational Activities Department},
 address = {Piscataway, NJ, USA},
 keywords = {Spatio-temporal queries, urban data, NYC taxis, visual exploration},
} 

//INTEGRATED SURFACE DATABASE (ISD) | NATIONAL CENTERS FOR ENVIRONMENTAL INFORMATION (NCEI) FORMERLY KNOWN AS NATIONAL CLIMATIC DATA CENTER (NCDC)
@article{NOAA, 
author={{National Oceanic and Atmospheric Administration - Integrated Surface Database}},
title={National Weather Service}, 
url={http://www.weather.gov/}, 
publisher={NOAA's National Weather Service}, 
}

//NYPD COMPLAINT DATA HISTORIC | NYC OPEN DATA
@article{NYPDHis, 
author={{Open Data City of New York}},
title={{NYPD Complaint Data Historic}},
url={https://data.cityofnewyork.us/Public-Safety/NYPD-Complaint-Data-Historic/qgea-i56i},
year={2017}
}

//NYPD COMPLAINT DATA CURRENT YTD | NYC OPEN DATA
@article{NYPDCur, 
title={{NYPD Complaint Data Current}},
author={{Open Data City of New York}},
url={https://data.cityofnewyork.us/Public-Safety/NYPD-Complaint-Data-Current-YTD/5uac-w243},
year={2017}
}

//NYC TAXI & LIMOUSINE COMMISSION - TRIP RECORD DATA
@article{Taxi, 
author={{Taxi \& Limousine Commission}},
title={ {Trip Record Data, NYC}},
url={http://www.nyc.gov/html/tlc/html/about/trip_record_data.shtml},
year={2017}
}

//NYPD Open Data Law
@article{OpenDat,
 author={{Open Data City of New York}},
 title={ {New York City Open Data Law} },
 url={https://opendata.cityofnewyork.us/open-data-law/},
 year={2017},
}

//fbiUniformCrime
@article{fbiUniformCrime,
 title={{Offenses Known to Law Enforcement by State by City}},
 url={https://ucr.fbi.gov},
 author={{Federal Bureau of Investigation, Uniform Crime Reporting}},
 year={2016}
}



