@inproceedings{crimeRate,
 author = {Wang, Hongjian and Kifer, Daniel and Graif, Corina and Li, Zhenhui},
 title = {Crime Rate Inference with Big Data},
 booktitle = {Proceedings of the 22Nd ACM SIGKDD International Conference on Knowledge Discovery and Data Mining},
 series = {KDD '16},
 year = {2016},
 isbn = {978-1-4503-4232-2},
 location = {San Francisco, California, USA},
 pages = {635--644},
 numpages = {10},
 url = {http://doi.acm.org/10.1145/2939672.2939736},
 doi = {10.1145/2939672.2939736},
 acmid = {2939736},
 publisher = {ACM},
 address = {New York, NY, USA},
 keywords = {big data, crime inference, heterogeneous data, spatial-temporal data},
} 

@inproceedings{Bendler14,
  author = {Bendler, Johannes and Brandt, Tobias and Wagner, Sebastian and Neumann, Dirk},
  booktitle = {ECIS},
  crossref = {conf/ecis/2014},
  editor = {Avital, Michel and Leimeister, Jan Marco and Schultze, Ulrike},
  ee = {http://aisel.aisnet.org/ecis2014/proceedings/track11/10},
  interhash = {c524bc2b58e5a80c2f0c8951b3356f78},
  intrahash = {9fc1b32f762592796a70abd2a5e3932e},
  title = {Investigating Crime-to-Twitter Relationships in Urban Environments - Facilitating a Virtual Neighborhood Watch.},
  url = {http://dblp.uni-trier.de/db/conf/ecis/ecis2014.html#BendlerBWFN14},
  year = 2014
}