@inproceedings{Wang16,
 author = {Wang, Hongjian and Kifer, Daniel and Graif, Corina and Li, Zhenhui},
 title = {Crime Rate Inference with Big Data},
 booktitle = {Proceedings of the 22Nd ACM SIGKDD International Conference on Knowledge Discovery and Data Mining},
 series = {KDD '16},
 year = {2016},
 isbn = {978-1-4503-4232-2},
 location = {San Francisco, California, USA},
 pages = {635--644},
 numpages = {10},
 url = {http://doi.acm.org/10.1145/2939672.2939736},
 doi = {10.1145/2939672.2939736},
 acmid = {2939736},
 publisher = {ACM},
 address = {New York, NY, USA},
 keywords = {big data, crime inference, heterogeneous data, spatial-temporal data},
} 

@inbook{Traunmueller2014,
	Address = {Cham},
	Author = {Traunmueller, Martin and Quattrone, Giovanni and Capra, Licia},
	Booktitle = {Social Informatics: 6th International Conference, SocInfo 2014, Barcelona, Spain, November 11-13, 2014. Proceedings},
	Doi = {10.1007/978-3-319-13734-6_29},
	Editor = {Aiello, Luca Maria and McFarland, Daniel},
	Isbn = {978-3-319-13734-6},
	Pages = {396--411},
	Publisher = {Springer International Publishing},
	Title = {Mining Mobile Phone Data to Investigate Urban Crime Theories at Scale},
	Url = {https://doi.org/10.1007/978-3-319-13734-6_29},
	Year = {2014},
	Url = {https://doi.org/10.1007/978-3-319-13734-6_29},
	Url = {http://dx.doi.org/10.1007/978-3-319-13734-6_29}}
